@Misc{Frejlichowski2020,
  author       = {Dariusz Frejlichowski},
  howpublished = {Wykład},
  note         = {Ekstrakcja Cech},
  title        = {MPEG 7 - wprowadzenie},
  year         = {2020},
  groups       = {MagisterkaPytania},
}

@Misc{Frejlichowski2020_2,
  author       = {Dariusz Frejlichowski},
  howpublished = {Wykład},
  note         = {Ekstrakcja Cech},
  title        = {Deskryptory kształtu},
  year         = {2020},
  groups       = {MagisterkaPytania},
}

@Misc{Frejlichowski2020_6,
  author       = {Dariusz Frejlichowski},
  howpublished = {Wykład},
  note         = {Ekstrakcja Cech},
  title        = {Deskryptory obrazów wielopoziomowych},
  year         = {2020},
  groups       = {MagisterkaPytania},
}

@Misc{Frejlichowski2020_5,
  author       = {Dariusz Frejlichowski},
  howpublished = {Wykład},
  note         = {Ekstrakcja Cech},
  title        = {Deskryptory odcieni szarości},
  year         = {2020},
  groups       = {MagisterkaPytania},
}

@inproceedings{frejlichowski2015application,
  title={Application of the polar--fourier greyscale descriptor to the automatic traffic sign recognition},
  author={Frejlichowski, Dariusz},
  booktitle={International Conference Image Analysis and Recognition},
  pages={506--513},
  year={2015},
  organization={Springer}
}

@Misc{Jankowski2020,
  author       = {Jarosław Jankowski},
  howpublished = {Wykład},
  note         = {Sieci Złożone},
  title        = {Algorytmy wyznaczania metryki miar centralności sieci},
  year         = {2020},
  groups       = {MagisterkaPytania},
}